@ARTICLE{Karavaev_Kilin_Klekovkin_RCD,
  author = {Y. L. Karavaev and A. A. Kilin and A. V. Klekovkin},
  addendum = {(0,21~п.~л., WoS)},
  title = {Experimental investigations of the controlled motion of a screwless underwater robot},
  journal = {Regular and Chaotic Dynamics},
  year = {2016},
  volume = {21},
  number = {7--8},
  pages = {918--926},
  language = {english},
  authorwos = {true},
  author = {true},
}

@ARTICLE{Vetchanin_etc_Underwater_robot,
  author = {Ветчанин Е. В and Караваев Ю.Л. and Калинкин А.А. and Пивоварова Е.Н. and Клековкин А.В.},
  addendum = {(0,33~п.~л.~/ 0,28~п.~л.; ВАК)},
  title = {Модель безвинтового подводного робота},
  journal = {Вестник Удмуртского университета. Математика. Механика. Компьютерные науки},
  year = {2015},
  volume = {25},
  number = {4},
  pages = {544--553},
  language = {russian},
  authorvak = {true},
}

@CONFERENCE{Kalinkin_Klekovkin,
  author = {Калинкин А. А. and Клековкин А. В.},
  title = {Разработка модели безвинтового подводного робота},
  booktitle = {Молодые ученые - ускорению научно-технического прогресса в XXI веке. Сборник материалов IV Всероссийской научно-технической конференции аспирантов, магистрантов и молодых ученых с международным участием.},
  year = {2016},
  language = {russian},
  authorconf = {true},
}

@CONFERENCE{Klekovkin_Mamaev_GDIS_2016,
  author = {A. V Klekovkin and I. S. Mamaev.},
  title = {Model development of a screwless underwater robot},
  booktitle = {Sixth International Conference Geometry, Dynamics, Integrable Systems  –  GDIS 2016},
  year = {2016},
  language = {russian},
  authorconf = {true},
}

@CONFERENCE{Klekovkin_MIKMUS_2018,
  author = {Клековкин А. В. and Караваев Ю. Л. and Ветчанин Е. В. and Шестаков В. А.},
  title = {Модель безвинтового надводного робота с внутренним ротором},
  booktitle = {XXX Международная инновационная конференция молодых учёных и студентов (МИКМУС-2018)},
  year = {2019},
  language = {russian},
  authorconf = {true},
}

@inproceedings{confbib1,
  author = {Фамилия, И. О.},
  title = {название тезисов конференции},
  booktitle = {Название сборника},
  year = {2015},
  language = {russian},
  authorconf = {true},
}

@CONFERENCE{confbib2,
  author = {Фамилия, И. О.},
  title = {название тезисов конференции},
  booktitle = {Название сборника},
  year = {2015},
  language = {russian},
  authorconf = {true},
}

@ARTICLE{bib1,
  author = {Фамилия, И. О.},
  title = {Название статьи},
  journal = {Журнал},
  year = {2012},
  volume = {1},
  pages = {100},
  language = {russian},
  authorother = {true},
  authorconf = {true},
}

@CONFERENCE{bib2,
  author = {Фамилия, И. О.},
  title = {название тезисов конференции},
  booktitle = {Название сборника},
  year = {2012},
  language = {russian},
  authorconf = {true},
}

@ARTICLE{scbib1,
  author = {Фамилия, И. О. and Фамилия2, И. О. and Фамилия3, И. О.},
  title = {Название статьи},
  journal = {Журнал},
  year = {2018},
  volume = {2},
  number = {1},
  pages = {99--102},
  language = {russian},
  authorscopus = {true},
  authorwos = {true},
  addendum = {(Scopus, WoS)},
}

@ARTICLE{vakbib1,
  author = {Фамилия, И. О. and Фамилия2, И. О. and Фамилия3, И. О.},
  addendum = {(0,28~п.~л.; ВАК, WoS)},
  title = {Название статьи},
  journal = {Журнал},
  year = {2013},
  volume = {1},
  number = {5},
  pages = {100--120},
  language = {russian},
  authorvak = {true},
  authorwos = {true},
}

@ARTICLE{vakbib2,
  author = {Фамилия, И. О. and Фамилия2, И. О. and Фамилия3, И. О. and Фамилия4, И. О.},
  addendum = {(0,33~п.~л.~/ 0,28~п.~л.; ВАК)},
  title = {Название статьи},
  journal = {Журнал},
  year = {2014},
  volume = {1},
  number = {5},
  pages = {100--120},
  language = {russian},
  authorvak = {true},
}

@ARTICLE{wosbib1,
  author = {Фамилия, И. О. and Фамилия2, И. О. and Фамилия3, И. О.},
  addendum = {(0,21~п.~л., WoS)},
  title = {Название статьи},
  journal = {Журнал},
  year = {2011},
  volume = {1},
  number = {8},
  pages = {105--120},
  language = {russian},
  authorwos = {true},
}
