@ARTICLE{Karavaev_Kilin_Klekovkin_RCD,
  author = {Karavaev, Yu. L. and Kilin, A. A. and Klekovkin, A. V.},
  addendum = {(0,21~п.~л., WoS)},
  title = {Experimental investigations of the controlled motion of a screwless underwater robot},
  journal = {Regular and Chaotic Dynamics},
  year = {2016},
  volume = {21},
  number = {7-8},
  pages = {918-926},
  language = {english},
  %authorvak = {true},
  authorwos = {true},
  citeauthor = {true},
}

@ARTICLE{Vetchanin_etc_Underwater_robot,
  author = {Ветчанин, Е. В and Караваев, Ю. Л. and Калинкин, А. А. and Пивоварова, Е. Н. and Клековкин, А. В.},
  addendum = {(0,33~п.~л.~/ 0,28~п.~л.; ВАК)},
  title = {Модель безвинтового подводного робота},
  journal = {Вестник Удмуртского университета. Математика. Механика. Компьютерные науки},
  year = {2015},
  volume = {25},
  number = {4},
  pages = {544-553},
  language = {russian},
  authorvak = {true},
  citeauthor = {true},
}

@ARTICLE{Karavaev_etc_2020,
	author = {Karavaev, Yu. L. and Klekovkin, A. V. and Mamaev,  I. S. and Tenenev, V. A. and Vetchanin, E. V.},
	title = {A Simple Physical Model for Control of an Propellerless Aquatic Robot},
	journal = {Journal of Mechanisms and Robotics},
	year = {2020. Направлена в журнал},
%	volume = {1},
%	number = {1},
%	pages = {Направлена в журнал},
	language = {russian},
	%authorvak = {true},
	authorwos = {true},
	citeauthor = {true},
}

@CONFERENCE{Kalinkin_Klekovkin,
  author = {Калинкин, А. А. and Клековкин, А. В.},
  title = {Разработка модели безвинтового подводного робота},
  booktitle = {Молодые ученые - ускорению научно-технического прогресса в XXI веке. Сборник материалов IV Всероссийской научно-технической конференции аспирантов, магистрантов и молодых ученых с международным участием.},
  year = {2016},
  language = {russian},
  authorconf = {true},
  citeauthor = {true},
}

@CONFERENCE{Klekovkin_Mamaev_GDIS_2016,
  author = {Klekovkin, A. V and Mamaev, I. S.},
  title = {Model development of a screwless underwater robot},
  booktitle = {Sixth International Conference Geometry, Dynamics, Integrable Systems  –  GDIS 2016},
  year = {2016},
  language = {russian},
  authorconf = {true},
  citeauthor = {true},
}

@CONFERENCE{Klekovkin_MIKMUS_2018,
  author = {Клековкин, А. В. and Караваев, Ю. Л. and Ветчанин, Е. В. and Шестаков, В. А.},
  title = {Модель безвинтового надводного робота с внутренним ротором},
  booktitle = {XXX Международная инновационная конференция молодых учёных и студентов (МИКМУС-2018)},
  year = {2019},
  pages = {472-475},
  language = {russian},
  authorconf = {true},
  citeauthor = {true},
}

@CONFERENCE{Klekovkin_Cheboksary_2019,
  author = {Klekovkin, A. V. and Vetchanin, E. V. and Mamaev, I. S.},
  title = {A dinamic study of screwless fish-like robot with internal rotor},
  booktitle = {ANS Conference Series: Scientific heritage of Sergey A. Chaplygin (Nonholonomic mechanics, vortex structures and hydrodynamics). Book of Abstracts. },
  year = {2019},
  pages = {96-98},
  language = {russian},
  authorconf = {true},
  citeauthor = {true},
}

@CONFERENCE{Klekovkin_Extreme_2019,
  author = {Klekovkin, A. V. and Karavaev, Yu. L. and Kilin, A. A. and Mamaev, I. S.},
  title = {Control screwless fish-like robot with internal rotor},
  booktitle = {Extreme Robotics},
  year = {2019},
  pages = {220-225},
  language = {russian},
  authorconf = {true},
  citeauthor = {true},
}

@CONFERENCE{Klekovkin_Clawar_2020,
	author = {Klekovkin, A. V. and Mamaev, I. S. and Vetchanin, E. V. and Tenenev, V. A. and Karavaev, Yu. L.},
	title = {Propellerless aquatic robots},
	booktitle = {Proceedings of the 23rd International Conference Series on Climbing and Walking Robots and the Support Technologies for Mobile Machines, CLAWAR 2020},
	year = {2020},
	volume = {1},
	number = {1},
	pages = {404-411},
	language = {english},
	authorconf = {true},
	citeauthor = {true},
}

@patent{patent1,
	author = {Борисов, А. В. and Мамаев, И. С. and Килин, А. А. and Калинкин, А. А. and Караваев, Ю. Л. and Клековкин, А. В. and Ветчанин, Е. В.},
	title = {Безвинтовой подводный робот},
	number = {172254},
	date = {2017-07-03},
	heading = {Патент на полезную модель № 172254 РФ},
	holder =  {заявитель и патентообладатель - ФГБОУ ВПО ИжГТУ имени М.Т. Калашникова},
	language =     {russian},
	authorother = {true},
	citeauthor = {true},
}

@patent{patent2,
	author = {Борисов, А. В. and Мамаев, И. С. and Килин, А. А. and Караваев, Ю. Л. and Клековкин, А. В.},
	title = {Программа для управления безвинтовым подводным роботом},
	number = {2017613219},
	date = {2017-16-03},
	heading = {Свидетельство о государственной регистрации программы для ЭВМ},
	holder =  {заявитель и патентообладатель - ФГБОУ ВПО ИжГТУ имени М.Т. Калашникова},
	language =     {russian},
	authorother = {true},
	citeauthor = {true},
}

@patent{patent3,
	author = {Борисов, А. В. and Мамаев, И. С. and Килин, А. А. and Клековкин, А. В. and Караваев, Ю. Л.},
	title = {Программа управления безвинтовым надводным робот с внутренним ротором},
	number = {2019612284},
	date = {2019-02-14},
	heading = {Свидетельство о государственной регистрации программы для ЭВМ},
	holder =  {заявитель и патентообладатель - ФГБОУ ВПО ИжГТУ имени М.Т. Калашникова},
	language =     {russian},
	authorother = {true},
	citeauthor = {true},
}
