% ГОСТ Р 7.0.11-2011, Приложение Б, Книги
@BOOK{Sychev,
  author = {Сычёв, М. С.},
  title = {История Астраханского казачьего войска : учебное пособие},
  address = {Астрахань},
  publisher = {Волга},
  year = {2009},
  numpages = {231},
  language = {russian}
}

@BOOK{Sokolov,
  author = {Соколов, А. Н. and Сердобинцев, К. С.},
  editor = {Бочарова, В. М.},
  address = {Астрахань},
  publisher = {Калиниградский ЮИ МВД России},
  title = {Гражданское общество: проблемы формирования и развития (философский и юридический аспекты) : монография},
  year = {2009},
  numpages = {218},
  language = {russian}
}

@BOOK{Gaidaenko,
  author = {Гайдаенко, Т. А.},
  title = {Маркетинговое управление: принципы управленческих решений и российская практика},
  edition = {3-е изд, перераб. и доп.},
  address = {М.},
  publisher = {Эксмо: МИРБИС},
  year = {2008},
  numpages = {508},
  language = {russian}
}

@BOOK{Lermontov,
  author = {Лермонтов, Михаил Юрьевич},
  title = {Собрание сочинений: в 4 т.},
  address = {М.},
  publisher = {Терра-Кн. клуб},
  year = {2009},
  note = {4 т.},
  language = {russian}
}

@BOOK{Management,
  title = {Управление бизнесом : сборник статей},
  address = {Нижний новгород},
  publisher = {Изд-во Нижегородского университета},
  year = {2009},
  numpages = {243},
  language = {russian}
}

@BOOK{Borozda,
  author = {Борозда, И. В. and Воронин, Н. И. and Бушманов, А. В.},
  title = {Лечение сочетанных повреждений таза},
  address = {Владивосток},
  publisher = {Дальнаука},
  year = {2009},
  numpages = {195},
  language = {russian}
}

@BOOK{Marketing,
  author = {Михненков, О. В. and Коготкова, И. З. and Генкин, Е. В. and Сороко, Г. Я.},
  title = {Маркетинговые исследования в строительстве : учебное пособие для студентов специальности «Менеджмент организаций»},
  address = {М.},
  publisher = {Государственный университет управления},
  year = {2005},
  numpages = {59},
  language = {russian}
}

% ГОСТ Р 7.0.11-2011, Приложение Б, Нормативные правовые акты
@BOOK{Constitution,
  title = {Конституция Российской Федерации : офиц. текст.},
  address = {М.},
  publisher = {Маркетинг},
  year = {2001},
  numpages = {39},
  language = {russian}
}

@BOOK{FamilyCode,
  title = {Семейный кодекс Российской Федерации : [федер. закон: принят Гос. Думой 8 дек. 1995 г. : по состоянию на 3 янв. 2001 г.]},
  address = {СПб.},
  publisher = {Стаун-кантри},
  year = {2001},
  numpages = {94},
  language = {russian}
}

% ГОСТ Р 7.0.11-2011, Приложение Б, Стандарты
@BOOK{Gost.7.0.53,
  title = {ГОСТ Р 7.0.53-2007 Система стандартов по информации, библиотечному и издательскому делу. Издания. Международный стандартный книжный номер. Использование и издательское оформление.},
  address = {М.},
  publisher = {Стандартинформ},
  year = {2007},
  numpages = {5},
  language = {russian}
}

% ГОСТ Р 7.0.11-2011, Приложение Б, Депонированные научные работы
@BOOK{Razumovski,
  author = {Разумовский, В. А. and Андреев, Д. А.},
  title = {Управление маркетинговыми исследованиями в регионе},
  address = {М.},
  year = {2002},
  numpages = {210},
  note = {Деп. в ИНИОН Рос. акад. наук 15.02.02, № 139876},
  language = {russian}
}

% ГОСТ Р 7.0.11-2011, Приложение Б, Диссертации
@BOOK{Lagkueva,
  author = {Лагкуева, Ирина Владимировна},
  title = {Особенности регулирования труда творческих работников театров : дис. ... канд. юрид. наук : 12.00.05},
  address = {М.},
  year = {2009},
  numpages = {168},
  language = {russian}
}

@BOOK{Pokrovski,
  author = {Покровский, Андрей Владимирович},
  title = {Устранимые особенности решений эллиптических уравнений : дис. ... д-ра физ.-мат. наук : 01.01.01},
  address = {М.},
  year = {2008},
  numpages = {178},
  language = {russian}
}

% ГОСТ Р 7.0.11-2011, Приложение Б, Авторефераты диссертаций
@BOOK{Sirotko,
  author = {Сиротко, Владимир Викторович},
  title = {Медико-социальные аспекты городского травматизма в современных условиях : автореф. дис. ... канд. мед. наук : 14.00.33},
  address = {М.},
  year = {2006},
  numpages = {26},
  language = {russian}
}

% !!! этот пример НЕ работает с bibtex
% Тот же пример, с использованием https://www.ctan.org/pkg/biblatex-gost
@THESIS{Sirotko2,
  author =       {Сиротко, Владимир Викторович},
  title =        {Медико-социальные аспекты городского травматизма в современных условиях},
  media =        {text},
  type =         {phdautoref},
  science =      {мед. наук},
  specialitycode ={14.00.33},
  address =      {М.},
  year =         {2006},
  pagetotal =    {26},
  language =     {russian},
}

@BOOK{Lukina,
  author = {Лукина, Валентина Александровна},
  title = {Творческая история «Записок охотника» И. С. Тургенева : автореф. дис. ... канд. филол. наук : 10.01.01},
  address = {СПб.},
  year = {2006},
  numpages = {26},
  language = {russian}
}

% !!! этот пример НЕ работает с bibtex
% Тот же пример, с использованием https://www.ctan.org/pkg/biblatex-gost
@THESIS{Lukina2,
  author =       {Лукина, Валентина Александровна},
  title =        {Творческая история «Записок охотника» И. С. Тургенева},
  media =        {text},
  type =         {phdautoref},
  science =      {филол. наук},
  specialitycode ={10.01.01},
  address =      {СПб.},
  year =         {2006},
  pagetotal =    {26},
  language =     {russian},
}

% ГОСТ Р 7.0.11-2011, Приложение Б, Отчёты о научно-исследовательской работе
@BOOK{Methodology,
  author = {Загорюев, А. Л.},
  title = {Методология и методы изучения военно-профессиональной направленности подростков : отчёт о НИР},
  address = {Екатеринбург},
  institution = {Уральский институт практической психологии},
  year = {2008},
  numpages = {102},
  language = {russian}
}

% ГОСТ Р 7.0.11-2011, Приложение Б, Электронные ресурсы
@BOOK{Encyclopedia,
  title = {Художественная энциклопедия зарубежного классического искусства [Электронный ресурс]},
  address = {М.},
  publisher = {Большая Рос. энкцикл.},
  year = {1996},
  note = {1 электрон. опт. диск (CD-ROM)},
  language = {russian}
}

% !!! этот пример НЕ работает с bibtex
% Тот же пример, с использованием https://www.ctan.org/pkg/biblatex-gost
@BOOK{Encyclopedia2,
  title = {Художественная энциклопедия зарубежного классического искусства},
  address = {М.},
  media = {eresource},
  publisher = {Большая Рос. энкцикл.},
  year = {1996},
  note = {1 электрон. опт. диск (CD-ROM)},
  language = {russian},
}

@ARTICLE{Nasirova,
  author = {Насырова, Г. А.},
  title = {Модели государственного регулирования страховой деятельности [Электронный ресурс]},
  journal = {Вестник Финансовой академии},
  year = {2003},
  media = {eresource},
  number = {4},
  note = {Режим доступа: http://vestnik.fa.ru/4(28)2003/4.html},
  language = {russian}
}

% ГОСТ Р 7.0.11-2011, Приложение Б, Статьи

@ARTICLE{Berestova,
  author = {Берестова, Т. Ф.},
  title = {Поисковые инструменты библиотеки},
  journal = {Библиография},
  year = {2006},
  number = {4},
  pages = {19},
  language = {russian}
}

@ARTICLE{Kriger,
  author = {Кригер, И.},
  title =  {Бумага терпит},
  journal = {Новая газета},
  year = {2009},
  note = {1 июля},
  language = {russian}
}


% Examples from https://verbosus.com/bibtex-style-examples.html
@ARTICLE{Article,
  author   = {Peter Adams},
  title    = {The title of the work},
  journal  = {The name of the journal},
  year     = {1993},
  number   = {2},
  pages    = {201-213},
  month    = {7},
  note     = {An optional note},
  volume   = {4},
  language = {english}
}

@BOOK{Book,
  author    = {Peter Babington},
  title     = {The title of the work},
  publisher = {The name of the publisher},
  year      = {1993},
  volume    = {4},
  series    = {10},
  address   = {The address},
  edition   = {3},
  month     = {7},
  note      = {An optional note},
  isbn      = {3257227892},
  language  = {english}
}

@BOOKLET{Booklet,
  title        = {The title of the work},
  author       = {Peter Caxton},
  howpublished = {How it was published},
  address      = {The address of the publisher},
  month        = {7},
  year         = {1993},
  note         = {An optional note},
  language     = {english}
}

@CONFERENCE{Conference,
  author       = {Peter Draper},
  title        = {The title of the work},
  booktitle    = {The title of the book},
  year         = {1993},
  editor       = {The editor},
  volume       = {4},
  series       = {5},
  pages        = {213},
  address      = {The address of the publisher},
  month        = {7},
  organization = {The organization},
  publisher    = {The publisher},
  note         = {An optional note},
  language     = {english}
}

@INBOOK{Inbook,
  author       = {Peter Eston},
  title        = {The title of the work},
  booktitle    = {Book title},
  chapter      = {8},
  pages        = {201-213},
  publisher    = {The name of the publisher},
  year         = {1993},
  volume       = {4},
  series       = {5},
  address      = {The address of the publisher},
  edition      = {3},
  month        = {7},
  note         = {An optional note},
  language     = {english}
}

@INCOLLECTION{Incollection,
  author       = {Peter Farindon},
  title        = {The title of the work},
  booktitle    = {The title of the book},
  publisher    = {The name of the publisher},
  year         = {1993},
  editor       = {The editor},
  volume       = {4},
  series       = {5},
  chapter      = {8},
  pages        = {201-213},
  address      = {The address of the publisher},
  edition      = {3},
  month        = {7},
  note         = {An optional note},
  language     = {english}
}

@MANUAL{Manual,
  title        = {The title of the work},
  author       = {Peter Gainsford},
  organization = {The organization},
  address      = {The address of the publisher},
  edition      = {3},
  month        = {7},
  year         = {1993},
  note         = {An optional note},
  language     = {english}
}

@MASTERSTHESIS{Mastersthesis,
  author       = {Peter Harwood},
  title        = {The title of the work},
  school       = {The school where the thesis was written},
  year         = {1993},
  address      = {The address of the publisher},
  month        = {7},
  note         = {An optional note},
  language     = {english}
}

@MISC{Misc,
  author       = {Peter Isley},
  title        = {The title of the work},
  howpublished = {How it was published},
  month        = {7},
  year         = {1993},
  note         = {An optional note},
  language     = {english}
}

@PHDTHESIS{Phdthesis,
  author       = {Peter Joslin},
  title        = {The title of the work},
  school       = {The school where the thesis was written},
  year         = {1993},
  address      = {The address of the publisher},
  month        = {7},
  note         = {An optional note},
  language     = {english}
}

@PROCEEDINGS{Proceedings,
  title        = {The title of the work},
  year         = {1993},
  editor       = {Peter Kidwelly},
  volume       = {4},
  series       = {5},
  address      = {The address of the publisher},
  month        = {7},
  organization = {The organization},
  publisher    = {The name of the publisher},
  note         = {An optional note},
  language     = {english}
}

@TECHREPORT{Techreport,
  author       = {Peter Lambert},
  title        = {The title of the work},
  institution  = {The institution that published},
  year         = {1993},
  number       = {2},
  address      = {The address of the publisher},
  month        = {7},
  note         = {An optional note},
  language     = {english}
}

@UNPUBLISHED{Unpublished,
  author       = {Peter Marcheford},
  title        = {The title of the work},
  note         = {An optional note},
  month        = {7},
  year         = {1993},
  language     = {english}
}

%%% Реальные примеры

% Инициалы должны быть записаны после запятой, с точками, через пробел
% http://www.kit-e.ru/articles/elcomp/2006_12_124.php
% Подчёркивания в ссылке приходится экранировать
% http://www.kit-e.ru/articles/elcomp/2006\_12\_124.php
@online{medvedev2006jelektronnye,
  title={Электронные компоненты и монтажные подложки},
  author={Медведев, А. М.},
  journal={Компоненты и технологии},
  number={12},
  pages={124--134},
  year={2006},
  medium={Электронный ресурс},
  url = {http://www.kit-e.ru/articles/elcomp/2006\_12\_124.php},
  urldate = {19.01.2015},
  language = {russian}
}

% Real example
% & в названии журнала надо экранировать
% 10.1002/1521-4125(200007)23:7<581::AID-CEAT581>3.0.CO;2-P
% < > в ссылке приходится экранировать %3C и %3E, а потом ещё знаки процента в них экранировать
% 10.1002/1521-4125(200007)23:7%3C581::AID-CEAT581%3E3.0.CO;2-P
% 10.1002/1521-4125(200007)23:7\%3C581::AID-CEAT581\%3E3.0.CO;2-P
% url не нужен. если запись о бумажной публикации
@article {CEAT:CEAT581,
  author = {Deiters, U. K.},
  title = {A Modular Program System for the Calculation of Thermodynamic Properties of Fluids},
  journal = {Chemical Engineering \& Technology},
  volume = {23},
  number = {7},
  publisher = {WILEY-VCH Verlag},
  issn = {1521-4125},
  doi = {10.1002/1521-4125(200007)23:7<581::AID-CEAT581>3.0.CO;2-P},
  pages = {581--584},
  year = {2000},
  language = {english}
}

% Real with  4 authors
@article{doi:10.1080/01932691.2010.513279,
  author = {Young-Sang Cho and Young Kuk Kim and Kook Chae Chung and Chul Jin Choi },
  title = {Deformation of Colloidal Crystals for Photonic Band Gap Tuning},
  journal = {Journal of Dispersion Science and Technology},
  volume = {32},
  number = {10},
  pages = {1408-1415},
  year = {2011},
  doi = {10.1080/01932691.2010.513279},
  language = {english}
}

% doi with (), author with umlaut or other unicode or specific symbols, 9 authors
% latex don't like Gösele1999161 in ref
% Умляуты в авторах понимаются из-за поддержки в юникодной странице pdflatex и xelatex
% Иллюстрация того, что будет. если на английской записи будут поставлена пометка, что язык русский
@article{Gosele1999161,
  title = "Wafer bonding for microsystems technologies",
  journal = "Sensors and Actuators A: Physical",
  volume = "74",
  number = "1–3",
  pages = "161 - 168",
  year = "1999",
  issn = "0924-4247",
  doi = "10.1016/S0924-4247(98)00310-0",
  author = "Gösele, U. and Tong, Q.-Y. and Schumacher, A. and Kräuter, G. and Reiche, M. and Plößl, A. and Kopperschmidt, P. and Lee, T.-H. and Kim, W.-J.",
  keywords = "Wafer bonding",
  keywords = "Fusion bonding",
  keywords = "Pressure sensors",
  keywords = "Interface reactions",
  keywords = "Hydrophilic bonding",
  keywords = "Hydrophobic bonding",
  language = {russian}
}

% Real example (from Google or Springer)
% unmodified styles don't know %language = {English}
% язык писать с маленьких
% иллюстрация incollection
% 10.1007/0-387-32989-7_45
% Подчёркивания в DOI приходится экранировать
% 10.1007/0-387-32989-7\_45
@incollection{Li2007StressAnalysis,
  year={2007},
  isbn={978-0-387-27974-9},
  booktitle={Micro- and Opto-Electronic Materials and Structures: Physics, Mechanics, Design, Reliability, Packaging},
  editor={Suhir, E. and Lee, Y. C. and Wong, C. P.},
  doi={10.1007/0-387-32989-7_45},
  title={Stress Analysis for Processed Silicon Wafers and Packaged Micro-devices},
  publisher={Springer US},
  author={Li, Li and Guo, Yifan and Zheng, Dawei},
  pages={B677-B709},
  language={english}
}

% Real, β sign
% inputenc don't know β sign %aluminosilicate-β-quartz
% Знаки типа β, которые не знает таблица кодировки, с которой работает компилятор нужно заменять на latex команды
% doi должен быть без http://dx.doi.org/
@article{Shoji199895,
title = "Low-temperature anodic bonding using lithium aluminosilicate-\(\beta\)-quartz glass ceramic",
journal = "Sensors and Actuators A: Physical",
volume = "64",
number = "1",
pages = "95 - 100",
year = "1998",
note = "Tenth {IEEE} International Workshop on Micro Electro Mechanical Systems ",
issn = "0924-4247",
doi = "10.1016/S0924-4247(97)01659-2",
author = {Shuichi Shoji and Hiroto Kikuchi and Hirotaka Torigoe},
keywords = "Anodic bonding",
keywords = "Low-temperature bonding",
keywords = "Micro assembly",
keywords = "Micro package",
keywords = "Glass ceramic",
}


% from urlbst package
% Example from Jason Eisner, by mail (nothing special about the entry,
% but he seemed to be having formatting problems with unsrturl and proceedings
% entries.
% http://cs.jhu.edu/jason/papers/#icassp07
@InProceedings{test:eisner-sample,
  author =       {Damianos Karakos and Sanjeev Khudanpur and Jason
                  Eisner and Carey E. Priebe},
  title =        {Iterative denoising using {J}ensen-{R}enyi
                  divergences with an application to unsupervised
                  document categorization},
  booktitle =    {Proceedings of ICASSP},
  year =         2007,
  url =          {http://cs.jhu.edu/jason/papers/\#icassp07}
}

@InProceedings{test:eisner-sample-shorted,
  author =       {Damianos Karakos and Sanjeev Khudanpur and Jason
                  Eisner and Carey E. Priebe},
  title =        {Iterative denoising using {J}ensen-{R}enyi
                  divergences with an application to unsupervised
                  document categorization},
  booktitle =    {Proceedings of ICASSP},
  shortbooktitle = {Proc. of ICASSP},
  year =         2007,
  url =          {http://cs.jhu.edu/jason/papers/\#icassp07}
}

% Попытка записать патент имеющимися средствами
@Book{iofis_patent1960,
  title                    = {Способ пайки керамики с керамикой и стекла с металлом : а.\,с. 126728 СССР},
  author                   = {Иофис, Н. А.},
  year                     = {1960},
  numpages                 = {Бюл. № 5.1},
  language                 = {russian}
}

% Попытка записать патент имеющимися средствами
@Book{AB_patent_Pomerantz_1968,
  title                    = {Anodic bonding : patent no. 3397278 US},
  author                   = {Pomerantz, D. I.},
  year                     = {1968},
  language                 = {english}
}

% !!! этот пример НЕ работает с bibtex
% Примеры оформления патентов из пакета https://www.ctan.org/pkg/biblatex-gost
@Patent{patent2h,
  heading =      {Заявка 1095735 Рос. федерация, МПК\ensuremath{^7} B 64 G 1/00},
  author =       {Тернер, Э. В.},
  authortype =   {США},
  title =        {Одноразовая ракета-носитель},
  media =        {text},
  holder =       {заявитель Спейс Системз/Лорал, инк.},
  credits =      {патент. поверенный Егорова Г. Б.},
  reqnumber =    {2000108705/28},
  date =         {2000-04-07},
  publdate =     {2001-03-10},
  publication =  {Бюл. № 7 (I ч.)\midsentence},
  prdate =       {1999-04-09},
  prnumber =     {09/289, 037},
  prcountry =    {countryus},
  pagetotal =    {5 с.: ил.},
  language =     {russian},
}

@Patent{patent3h,
  heading =      {А. с. 1007970 СССР, МКИ\ensuremath{^3} В 25.1 15/00},
  author =       {В. С. Ваулин and В. Г. Кемайкин},
  authortype =   {СССР},
  title =        {Устройство для захвата неориентированных деталей типа валов},
  media =        {text},
  reqnumber =    {3360585/25-08},
  date =         {1981-11-23},
  publication =  {Бюл. № 12},
  publdate =     {1983-03-30},
  pagetotal =    {2 с.: ил.},
  language =     {russian},
}

@Patent{patent2,
  author =       {Тернер, Э. В.},
  authortype =   {США},
  title =        {Одноразовая ракета-носитель},
  media =        {text},
  type =         {patreq},
  number =       1095735,
  location =     {countryru},
  ipc =          {МПК\ensuremath{^7} B 64 G 1/00},
  holder =       {заявитель Спейс Системз/Лорал, инк.},
  credits =      {патент. поверенный Егорова Г. Б.},
  reqnumber =    {2000108705/28},
  date =         {2000-04-07},
  publdate =     {2001-03-10},
  publication =  {Бюл. № 7 (I ч.)\midsentence},
  prioritydate = {1999-04-09},
  prioritynumber ={09/289, 037},
  prioritycountry ={countryus},
  pagetotal =    {5 с.: ил.},
  language =     {russian},
}

%%%%%%%%%%%%%%%%%%%%%%%%%%%%%%%%%%%%%%%%%%%%%%%%%%%%%%%%%%%%%%%%%%%%%%%%%%
%% Моя литература
%%%%%%%%%%%%%%%%%%%%%%%%%%%%%%%%%%%%%%%%%%%%%%%%%%%%%%%%%%%%%%%%%%%%%%%%%%

@BOOK{Ageev,
	author = {Агеев, М. Д. and Киселев, Л. В. and Матвиенко, Ю. В.},
	title = {Автономные подводные роботы. Системы и технологии},
	address = {Москва},
	publisher = {Наука},
	year = {2005},
	numpages = {398},
	language = {russian}
}

@ARTICLE{Alexander_1983,
	author       = {Alexander, R. McN.},
	title        = {The history of fish mechanic},
	journal      = {Fish biomechanic},
	year         = {1983},
	pages        = {1-35},	
	language     = {english},
}

@BOOK{Basin_Anfimov_1961,
	author = {Басин, А. М. and Анфимов, В. Н.},
	title = {Гидродинамика судна},
	address = {Ленинград},
	publisher = {Речной транспорт},
	year = {1961},
	numpages = {684},
	language = {russian}
}

@ARTICLE{BKM_Chapligin1,
	author       = {Борисов, А. В. and Килин, А. А. and Мамаев, И. С.},
	title        = {Как управлять шаром Чаплыгина при помощи роторов},
	journal      = {Нелинейная динамика},
	volume       = {8},
	number		 = {2},
	year         = {2012},
	pages        = {289-307},	
	language     = {russian},
}

@ARTICLE{BKM_Chapligin2,
	author       = {Борисов, А. В. and Килин, А. А. and Мамаев, И. С.},
	title        = {Как управлять шаром Чаплыгина при помощи роторов},
	journal      = {Нелинейная динамика},
	volume       = {9},
	number		 = {1},
	year         = {2013},
	pages        = {59-76},	
	language     = {russian},
}

@BOOK{Blake_1983,
	author = {Blake, R. W.},
	title = {Fish locomotion},
	address = {Cambridge},
	publisher = {Cambridge Univ. Press},
	year = {1983},
	numpages = {210},
	language = {english}
}

@ARTICLE{Bocharov_2009,
	author       = {Бочаров, Л.},
	title        = {Необитаемые подводные аппараты: состояние и общие тенденции развития },
	journal      = {Электроника: Наука, Технология, Бизнес},
	number		 = {8},
	year         = {2009},
	pages        = {88-93},	
	language     = {russian},
}

@ARTICLE{Boreyko_2011,
	author       = {Борейко, А. А. and Горнак, В. Е. and Мальцева, С. В. and Матвиенко, Ю. В. and Михайлов, Д. Н.},
	title        = {Малогабаритный многофункциональный автономный необитаемый подводный аппарат «МТ-2010»},
	journal      = {Подводные исследования и робототехника},
	volume       = {12},
	number		 = {2},
	pages        = {37-42},
	year         = {2011},
	language     = {russian},
}

@ARTICLE{Borisov_et_al_2016,
	author       = {Борисов, А. В. and Кузнецов, С. П. and Мамаев, И. С. and Тененев, В. А.},
	title        = {Описание движения тела эллиптического сечения в вязкой несжимаемой жидкости с помощью модельных уравнений, реконструированных на основе обработки данных},
	journal      = {Письма в журнал технической физики},
	volume       = {42},
	number		 = {17},
	year         = {2016},
	pages        = {9-19},	
	language     = {russian},
}

@ARTICLE{Borisov_et_al_2017,
	author       = {Borisov, A. V. and Vetchanin, E. V. and Kilin, A. A.},
	title        = {Control of the Motion of a Triaxial Ellipsoid in a Fluid Using Rotors},
	journal      = {Mathematical Notes},
	volume       = {102},
	year         = {2017},
	pages        = {455-464},	
	language     = {english},
}

@ARTICLE{Borisov_et_al_2018,
	author       = {Borisov, A. V. and Mamaev, I. S. and Vetchanin, E. V.},
	title        = {Self-propulsion of a Smooth Body in a Viscous Fluid Under Periodic Oscillations of a Rotor and Circulation},
	journal      = {Regular and Chaotic Dynamics},
	volume       = {23},
	number		 = {7-8},
	pages        = {850-874},
	year         = {2018},
	language     = {english},
}

@ARTICLE{Borisov_Vetchanin_Kilin_2017,
	author       = {Борисов, А. В. and Ветчанин, Е. В. and Килин, А. А.},
	title        = {Управление движением трехосного эллипсоида в жидкости с помощью роторов },
	journal      = {Математические заметки},
	volume       = {102},
	number		 = {4},
	pages        = {503-513},
	year         = {2017},
	language     = {russian},
}

@BOOK{Borisov_Mamaev,
	author = {Борисов, А. В. and Мамаев, И. С.},
	publisher = {М. -- Ижевск: Институт компьютерных исследований},
	title = {Динамика твердого тела},
	year = {2005},
	numpages = {576},
	language     = {russian},
}

@ARTICLE{Bozek_2020,
	author       = {Bozek, P. and Karavaev, Y. L. and Ardentov, A. A. and Yefremov, K. S.},
	title        = {Neural network control of a wheeled mobile robot based on optimal trajectories},
	journal      = {International Journal of Advanced Robotic Systems},
	volume       = {17},
	number		 = {2},
	pages        = {1-10},
	year         = {2020},
	language     = {english},
}

@ARTICLE{Burdinskiy_2012,
	author       = {Бурдинский, И. Н.},
	title        = {Алгоритм приведения автономного необитаемого подводного аппарата к заданной цели},
	journal      = {Автометрия},
	volume       = {48},
	number		 = {2},
	pages        = {80-86},
	year         = {2011},
	language     = {russian},
}

@ARTICLE{Chaplygin,
	author       = {Chaplygin, S. A.},
	title        = {On the Action of a Plane-Parallel Air Flow upon a Cylindrical Wing Moving within It},
	journal      = {The Selected Works on Wing Theory of Sergei A. Chaplygin. San Francisco: Garbell Research Foundation},
	pages        = {42-72},
	year         = {1956},
	language     = {russian},
}

@ARTICLE{Childress_et_al_2011,
	author       = {Childress, S. and Spagnolie, S. E. and Tokieda, T.},
	title        = {A Bug on a Raft: Recoil Locomotion in a Viscous Fluid},
	journal      = {J. Fluid Mech.},
	volume       = {669},
	pages        = {527-556},
	year         = {2011},
	language     = {english},
}

%	title        = {\"Uber die Bewegung eines K\"orpers in einer Fl\"ussigkeit},
@ARTICLE{Clebsch,
	author       = {Clebsch, A.},
	title        = {Uber die Bewegung eines Korpers in einer Flussigkeit},
	journal      = {Math. Annalen},
	volume       = {3},
	pages        = {238-262},
	year         = {1871},
	language     = {german},
}

@ARTICLE{Domel_2017,
	author       = {D\"omel, A. and Kriegel, S. and Ka\ssecker, M. and Brucker, M. and Bodenm\"uller, T. and Suppa, M.},
	title        = {Toward fully autonomous mobile manipulation for industrial environments},
	journal      = {International Journal of Advanced Robotic Systems},
	volume       = {14},
	number		 = {4},
	pages        = {1-19},
	year         = {2017},
	language     = {german},
}

@ARTICLE{Dunbabin_2006,
	author       = {Dunbabin, M. and Corke, P. and Vasilescu, I. and Rus, D.},
	title        = {Data muling over underwater wireless sensor networks using an autonomous underwater vehicle },
	journal      = {Robotics and Automation. ICRA 2006. Proceedings 2006 IEEE International Conference on},
	pages        = {2091-2098},
	year         = {2006},
	language     = {english},
}

@ARTICLE{Eldredge_2006,
	author       = {Eldredge, J. D.},
	title        = {Numerical Simulations of Undulatory Swimming at Moderate Reynolds Number},
	journal      = {Bioinspir. Biomim.},
	volume       = {1},
	number		 = {4},
	pages        = {S19-S24},
	year         = {2006},
	language     = {english},
}

@ARTICLE{Fiorelli_2006,
	author       = {Fiorelli, E. and Leonard, N. E. and Bhatta, P. and Paley, D. A. and Bachmayer, R. and Fratantoni, D. M.},
	title        = {Multi-AUV control and adaptive sampling in Monterey Bay },
	journal      = {Oceanic Engineering},
	volume       = {31},
	number		 = {4},
	pages        = {935-948},
	year         = {2006},
	language     = {english},
}

@BOOK{Fossen2,
	author = {Fossen, T. I.},
	title = {Guidance and control of ocean vehicles},
	address = {Chichester, UK},
	publisher = {John Wiley and Sons},
	year = {1994},
	numpages = {494},
	language = {english}
}

@BOOK{Fossen,
	author = {Fossen, T. I.},
	title = {Handbook of marine craft hydrodynamics and motion control},
	address = {Chichester, UK},
	publisher = {John Wiley and Sons},
	year = {2011},
	numpages = {596},
	language = {english}
}

@ARTICLE{Gornak_MMT3000,
	author       = {Горнак, В. Е. and Инзарцев, А. В. and Львов, О. Ю. and Матвиенко, Ю. В. and Щербатюк, А. Ф.},
	title        = {ММТ-3000-новый малогабаритный автономный необитаемый подводный аппарат Института проблем морских технологий ДВО РАН},
	journal      = {Подводные исследования и робототехника},
	number		 = {1},
	pages        = {12-20},
	year         = {2007},
	language     = {russian},
}

@ARTICLE{Gorry_1990,
	author       = {Gorry, P. A.},
	title        = {General least-squares smoothing and differentiation by the convolution (Savitzky-Golay) method},
	journal      = {Analytical Chemistry},
	volume       = {62},
	number		 = {6},
	pages        = {570-573},
	year         = {1990},
	language     = {english},
}

@ARTICLE{Huster_2001,
	author       = {Huster, A. and Rock, S.},
	title        = {Relative position estimation for intervention-capable AUVs by fusing vision and inertial measurements},
	journal      = {Proceedings of the 12th International Symposium on Unmanned Untethered Submersible Technology. – Durham NH},
	year         = {August, 2001},
	language     = {english},
}

@ARTICLE{Hromadka_Lai_2012,
	author       = {Hromadka, T. V. and Lai, C.},
	title        = {The complex variable boundary element method in engineering analysis},
	journal      = {Springer Science and Business Media},
	year         = {2012},
	language     = {english},
}

@ARTICLE{Ivanova_Pivovarova_ChapliginComments,
	author       = {Иванова, Т. Б. and Пивоварова, Е. Н.},
	title        = {Комментарий к статье А.В. Борисова, А.А. Килина, И.С. Мамаева «Как управлять шаром Чаплыгина при помощи роторов. II},
	journal      = {Нелинейная динамика},
	volume       = {10},
	number		 = {1},
	year         = {2014},
	pages        = {127-131},	
	language     = {russian},
}

@ARTICLE{Iznarcev_2005,
	author       = {Инзарцев, А. В. and Львов, О. Ю.},
	title        = {Бортовые вычислительные сети автономных подводных роботов},
	journal      = {Современные технологии ав томатизации},
	number		 = {2},
	pages        = {68-74},
	year         = {2005},
	language     = {russian},
}

@ARTICLE{Iznarcev_2007,
	author       = {Инзарцев, А. В. and Каморный, А. В. and Львов, О. Ю. and Матвиенко, Ю. В. and Рылов, Н. И.},
	title        = {Применение автономного необитаемого подводного аппарата для научных исследований в Арктике},
	journal      = {Подводные исследования и робототехника},
	volume       = {4},
	number		 = {2},
	pages        = {5-14},
	year         = {2007},
	language     = {russian},
}

@ARTICLE{Inzarcev_2016,
	author       = {Инзарцев, А. В. and Багницкий, А. В.},
	title        = {Планирование и реализация траекторий движения автономного подводного робота при выполнении мониторинга в акваториях различных типов},
	journal      = {Подводные исследования и робототехника},
	number		 = {2},
	pages        = {25-35},
	year         = {2016},
	language     = {russian},
}

@ARTICLE{Jing_Kanso_2013,
	author       = {Jing, F. and Kanso, E.},
	title        = {Stability of Underwater Periodic Locomotion},
	journal      = {Regular and Chaotic Dynamics},
	volume       = {18},
	number		 = {4},
	pages        = {380-393},
	year         = {2013},
	language     = {english},
}

@BOOK{Kirchhoff,
	author = {Kirchhoff, G. and Hensel, K.},
	publisher = {Mechanik. Leipzig: BG Teubner},
	title = {Vorlesungen uber mathematische Physik},
	year = {1874},
	pages = {489},
}

@ARTICLE{Kilin_et_al_2017,
	author       = {Kilin, A. A. and Bozek, P. and Karavaev, Y. L. and Klekovkin, A. V. and Shestakov V. A.},
	title        = {Experimental investigations of a highly maneuverable mobile omniwheel robot},
	journal      = { International Journal of Advanced Robotic Systems},
	volume       = {14},
	number		 = {6},
	year         = {2017},
	pages        = {1-9},	
	language     = {english},
}

@ARTICLE{Kilin_et_al_2018,
	author       = {Килин, А. А. and Кленов, А. И. and Тененев, В. А.},
	title        = {Управление движением тела с помощью внутренних масс в вязкой жидкости},
	journal      = {Компьютерные исследования и моделирование},
	volume       = {10},
	number		 = {4},
	pages        = {445-460},
	year         = {2018},
	language     = {russian},
}

@ARTICLE{Kilin_Vetchanin_ND_2015,
	author       = {Килин, А. А. and Ветчанин, Е. В.},
	title        = {Управление движением твердого тела в жидкости с помощью двух подвижных масс},
	journal      = {Нелинейная динамика},
	volume       = {11},
	number		 = {4},
	pages        = {633-645},
	year         = {2015},
	language     = {russian},
}

@ARTICLE{Kilin_Vetchanin_DAN_2016,
	author       = {Ветчанин, Е. В. and Килин, А. А.},
	title        = {Свободное и управляемое движение в жидкости тела с подвижной внутренней массой при наличии циркуляции вокруг тела},
	journal      = {Докл. АН},
	volume       = {466},
	number		 = {3},
	year         = {2016},
	pages        = {293-297},	
	language     = {russian},
}

@ARTICLE{Kilin_Vetchanin_2017,
	author       = {Vetchanin,  E. V. and Kilin, A. A.},
	title        = {Control of Body Motion in an Ideal Fluid Using the Internal Mass and the Rotor in the Presence of Circulation Around the Body},
	journal      = {Journal of Dynamical and Control Systems},
	volume       = {23},
	year         = {2017},
	pages        = {435-458},	
	language     = {english},
}

@ARTICLE{Kim_2008,
	author       = {Kim, Y. and Gu, D. W. and Postlethwaite, I.},
	title        = {Real-time path planning with limited information for autonomous unmanned air vehicles},
	journal      = {Automatica},
	volume       = {44},
	number		 = {3},
	year         = {2008},
	pages        = {696-712},	
	language     = {english},
}

@ARTICLE{Kiselev_2004,
	author       = {Киселев, Л. В. and Инзарцев, А. В. and Матвиенко, В. В.},
	title        = {Навигация и управление в подводном пространстве},
	journal      = {Мехатроника, автоматизация, управление},
	number		 = {11},
	pages        = {35-42},
	year         = {2004},
	language     = {russian},
}

@ARTICLE{Kiselev_2012,
	author       = {Киселев, Л. В. and Медведев, А. В.},
	title        = {Сравнительный анализ и оптимизация динамических свойств автономных подводных роботов различных проектов и конфигураций},
	journal      = {Подводные исследования и робототехника},
	number		 = {1},
	pages        = {24-35},
	year         = {2017},
	language     = {russian},
}

@ARTICLE{Klenov_Kilin_2016,
	author       = {Klenov, A. I. and Kilin, A. A.},
	title        = {Influence of Vortex Structures on the Controlled Motion of an Above-water Screwless Robot},
	journal      = {Regular and Chaotic Dynamics},
	volume       = {21},
	number		 = {7-8},
	year         = {2016},
	pages        = {927-938},	
	language     = {english},
}

@THESIS{Klenov_diss,
	author =       {Кленов, Анатолий Игоревич},
	title =        {Динамический синтез и анализ механизма,	реализующего движение локомоционной	мобильной платформы в жидкости},
	media =        {text},
	type =         {phdthesis},
	major =      {тех. наук},
	specialitycode ={05.02.18},
	titleaddon =	{защищена 08.10.19},
	location = 		{Москва},
	institution = 	{ИМАШ РАН},
	address =      {М.},
	year =         {2019},
	pagetotal =    {137},
	language =     {russian},
}

@BOOK{Klenov_diss2,
	author = {Кленов, Анатолий Игоревич},
	title = {Динамический синтез и анализ механизма,	реализующего движение локомоционной	мобильной платформы в жидкости : дис. ... канд. тех. наук : 05.02.18},
	address = {М.},
	year = {2019},
	numpages = {137},
	language = {russian},
}

@BOOK{Korotkin,
	author = {Короткин, А. И.},
	publisher = {СПб. : Мор. Вест},
	title = {Присоединенные массы судостроительных конструкций},
	year = {2007},
	language     = {russian},
}

@ARTICLE{Kozlov_Ramodanov_PMM_2001,
	author       = {Козлов, В. В. and Рамоданов, С. М.},
	title        = {О движении изменяемого тела в идеальной жидкости},
	journal      = {ПММ},
	volume       = {65. Вер. 4},
	pages        = {592-601},
	year         = {2001},
	language     = {russian},
}

@ARTICLE{Kozlov_Ramodanov_PAN_2002,
	author       = {Козлов, В. В. and Рамоданов, С. М.},
	title        = {О движении в идеальной жидкости тела с жесткой оболочкой и меняющейся геометрией масс},
	journal      = {ДАН},
	volume       = {382. Вер. 4},
	pages        = {478-481},
	year         = {2002},
	language     = {russian},
}

@ARTICLE{Kozlov_Onichenko,
	author       = {Онищенко, Д. А. and Козлов, В. В.},
	title        = {О движении в идеальной жидкости тела, содержащего внутри себя подвижную сосредоточенную массу},
	journal      = {ПММ},
	volume       = {67. Вер. 4},
	pages        = {620-633},
	year         = {2003},
	language     = {russian},
}

@ARTICLE{Lapierre_2007,
	author       = {Lapierre, L. and Soetanto, D.},
	title        = {Nonlinear path-following control of an AUV},
	journal      = {Oceanic Engineering},
	volume       = {31},
	number		 = {11},
	pages        = {1734-1744},
	year         = {2007},
	language     = {english},
}

@BOOK{Lebedev_Pershits_1969,
	author = {Лебедев, Э. Л. and Першиц, Р. Я. and Русецкий, А. А. and Аврашков, Н. С. and Тарасюк, А. Б.},
	title = {Средства активного управления судами},
	address = {Ленинград},
	publisher = {Судостроение},
	year = {1969},
	numpages = {264},
	language = {russian}
}

@ARTICLE{Lighthill_1970,
	author       = {Lighthill, M. J.},
	title        = {Aquatic animal propulsion of high hydromechanical efficiency},
	journal      = {Journal of Fluid Mechanics},
	volume       = {44},
	number		 = {2},
	year         = {1970},
	pages        = {265-301},	
	language     = {english},
}

@ARTICLE{Lin_2011,
	author       = {Lin, X. and Guo, S. and Tanaka, K. and Hata, S.},
	title        = {Underwater experiments of a water-jet-based spherical underwater robot},
	journal      = {IEEE International Conference on Mechatronics and Automation},
	year         = {2011},
	pages        = {738-742},	
	language     = {english},
}

@ARTICLE{Loebis_2004,
	author       = {Loebis, D. and Sutton, R. and Chudley, J. and Naeem, W.},
	title        = {Adaptive tuning of a Kalman filter via fuzzy logic for an intelligent AUV navigation system},
	journal      = {Control engineering practice},
	volume       = {12},
	number		 = {12},
	pages        = {1531-1539},
	year         = {2004},
	language     = {english},
}

@BOOK{Lozano_2012,
	author = {Lozano-Perez, T.},
	title = {Autonomous robot vehicles},
	publisher = {Springer Science \& Business Media},
	year = {2012},
	numpages = {460},
	language = {english}
}

@ARTICLE{Ishii_1995,
	author       = {Ishii, K. and  Fujii, T. and Ura, T.},
	title        = {An on-line adaptation method in a neural network based control system for AUVs},
	journal      = {Oceanic Engineering},
	volume       = {20},
	number		 = {3},
	pages        = {221-228},
	year         = {1995},
	language     = {english},
}

@ARTICLE{Madgwick,
	author       = {Madgwick, S.},
	title        = {An efficient orientation filter for inertial and inertial/magnetic sensor arrays},
	journal      = {Report x-io and University of Bristol (UK)},
	volume       = {25},
	pages        = {113-18},
	year         = {2010},
	language     = {english},
}

@ARTICLE{Mamaev_et_al_2018,
	author       = {Mamaev, I. S. and Tenenev, V. A. and Vetchanin, E. V.},
	title        = {Dynamics of a Body with a Sharp Edge in a Viscous Fluid},
	journal      = {Russian Journal of Nonlinear Dynamics},
	volume       = {14},
	number		 = {4},
	pages        = {473-494},
	year         = {2018},
	language     = {english},
}

@ARTICLE{Mamaev_Vetchanin_2018,
	author       = {Mamaev, I. S. and Vetchanin, E. V.},
	title        = {The Self-propulsion of a Foil with a Sharp Edge in a Viscous Fluid Under the Action of a Periodically Oscillating Rotor},
	journal      = {Regular and Chaotic Dynamics},
	volume       = {23},
	number		 = {7-8},
	pages        = {875-886},
	year         = {2018},
	language     = {english},
}

@ARTICLE{Matvienko_2017,
	author       = {Матвиенко, Ю. В. and Щербатюк, А. Ф.},
	title        = {Опыт ИПМТ ДВО РАН в создании и практическом применении унифицированного АНПА среднего класса},
	journal      = {Технические проблемы освоения Мирового океана},
	volume       = {7},
	pages        = {4-6},
	year         = {2017},
	language     = {russian},
}

@ARTICLE{Miller_2007,
	author       = {Miller, J. A. and Minear, P. D. and Niessner, A. F. Jr.},
	title        = {Intelligent unmanned air vehicle flight systems},
	journal      = {Journal of Aerospace Computing, Information, and Communication},
	volume       = {4},
	number		 = {5},
	pages        = {816-835},
	year         = {2007},
	language     = {english},
}

@ARTICLE{Moreira_2011,
	author       = {Moreira, L. and Soares, C. G.},
	title        = {Autonomous ship model to perform manoeuvring tests},
	journal      = {Journal of Maritime Research},
	volume       = {8},
	number		 = {2},
	pages        = {29-46},
	year         = {2011},
	language     = {english},
}

@ARTICLE{Morinaga_Svinin_2015,
	author       = {Morinaga, Akihiro and Svinin, Mikhail and Yamamoto, Motoji},
	title        = {On the Iterative Steering of a Rolling Robot Actuated by Internal Rotors},
	journal      = {Analysis, Modelling, Optimization, and Numerical Techniques},
	type      	 = {Springer, Cham},
	year         = {2015},
	pages        = {205-218},	
	language     = {english},
}

@ARTICLE{Naumov_2011,
	author       = {Наумов, Л. А. and Боровик, А. И. and Баль, Н. В.},
	title        = {RCE-Программ ная платформа для системы управления АНПА},
	journal      = {Подводные исследования и робототехника},
	number		 = {2},
	pages        = {18-25},
	year         = {2011},
	language     = {russian},
}

@BOOK{Pantov_etc_1973,
	author = {Пантов, Е. Н. and Махин, Н. Н. and Шереметов, Б. Б.},
	title = {Основы теории движения подводных аппаратов},
	address = {Ленинград},
	publisher = {Судостроение},
	year = {1973},
	numpages = {209},
	language = {russian}
}

@patent{patent_BNR,
	author = {Борисов, А. В.},
	title = {Безвинтовой надводный робот},
	number = {153711},
	date = {2015-07-27},
	heading = {Патент на полезную модель № 153711 РФ, МПК B 62 D 57/04},
	holder =  {заявитель и патентообладатель - ФГБОУ ВПО ИжГТУ имени М.Т. Калашникова},
	language =     {russian},
}

@ARTICLE{Pollard_Tallapragada_2019,
	author       = {Pollard, B. and Tallapragada, P.},
	title        = {Passive Appendages Improve the Maneuverability of Fishlike Robots},
	journal      = {IEEE/ASME Transactions on Mechatronics},
	volume       = {24},
	number		 = {4},
	year         = {2019},
	pages        = {1586-1596},	
	language     = {english},
}

@ARTICLE{Pshihopov_2014,
	author       = {Пшихопов, В. Х. and Чернухин, Ю. В. and Федотов, А. А. and Гузик, В. Ф. and Медведев, М. Ю. and Гуренко, Б. В. and Пьявченко, А. О. and Сапрыкин, Р. В. and Переверзев, В. А. and Приемко, А. А.},
	title        = {Разработка интеллектуальной системы управления автономного подводного аппарата},
	journal      = {Известия Южного федерального университета. Технические науки.},
	number		 = {3(152)},
	year         = {2014},
	pages        = {87-101},	
	language     = {russian},
}

@ARTICLE{Ramodanov_Tenenev,
	author       = {Рамоданов, С. М. and Тененев, В. А},
	title        = {Движение тела с переменной геометрией масс в безграничной вяз-кой жидкости},
	journal      = {Нелинейная динамика},
	volume       = {7},
	number		 = {3},
	year         = {2011},
	pages        = {635-647},	
	language     = {russian},
}

@ARTICLE{Ramodanov_Tenenev_Treschev_RCD_2012,
	author       = {Ramodanov, S. M. and  Tenenev, V. A. and Treschev, D. V.},
	title        = {Self-propulsion of a Body with Rigid Surface and Variable Coefficient of Lift in a Perfect Fluid},
	journal      = {Regular and Chaotic Dynamics},
	volume       = {17},
	number		 = {6},
	pages        = {547-558},
	year         = {2012},
	language     = {english},
}

@ARTICLE{Rashevskyi_1938,
	author       = {Рашевский, П.К.},
	title        = {О соединимости любых двух точек вполне неголономного пространства допустимой линией},
	journal      = {Учен. зап. Пед. ин-та им. Либкнехта, сер. физ.-матем.},
	volume       = {3},
	number		 = {2},
	year         = {1938},
	pages        = {83-94},	
	language     = {russian},
}

@ARTICLE{Savitzky_Golay_1964,
	author       = {Savitzky, A. and Golay, M. J. E.},
	title        = {Smoothing and differentiation of data by simplified least squares procedures},
	journal      = {Analytical chemistry},
	volume       = {36},
	number		 = {8},
	pages        = {1627-1639},
	year         = {1964},
	language     = {english},
}

@BOOK{Schlichting,
	author = {Schlichting, H.},
	publisher = {New York : McGraw-Hill},
	title = {Boundary layer theory},
	year = {1960},
	language     = {english},
}

@ARTICLE{Tallapragada_2015,
	author       = {Tallapragada, P.},
	title        = {A Swimming Robot with an Internal Rotor As a Nonholonomic System},
	journal      = {Proc. of the American Control Conference (Chicago, Ill., USA, July 1--3, 2015)},
	year         = {2015},
	pages        = {657-662},	
	language     = {english},
}

@ARTICLE{Vaulin_2017,
	author       = {Ваулин, Ю. В. and Дубровин, Ф. С. and Щербатюк, А. Ф.},
	title        = {Интегрированная система навигации и связи АНПА ММТ-3000 и опыт ее использования в работах на глубоководных протяженных трассах},
	journal      = {Подводные исследования и робототехника},
	number		 = {2},
	pages        = {14-19},
	year         = {2017},
	language     = {russian},
}

@ARTICLE{Vetchanin_Kilin_2016,
	author       = {Kilin, A. A. and Vetchanin,  E. V.},
	title        = {Controlled Motion of a Rigid Body with Internal Mechanisms in an Ideal Incompressible Fluid},
	journal      = {Proceedings of the Steklov Institute of Mathematics},
	volume       = {295},
	year         = {2016},
	pages        = {302-332},	
	language     = {english}
}

@ARTICLE{Vetchanin_Tenenev_2011,
	author       = {Ветчанин, Е. В. and Тененёв, В. А.},
	title        = {Моделирование управления движением в вязкой жидкости тела с переменной геометрией масс},
	journal      = {Компьютерные исследования и моделирование},
	volume       = {3},
	number		 = {4},
	pages        = {371-381},
	year         = {2011},
	language     = {russian},
}

@ARTICLE{Vetchanin_Mamaev_Tenenev_ND_2012,
	author       = {Ветчанин, Е. В. and Мамаев, И. С. and Тененёв, В. А.},
	title        = {Движение тела с переменной геометрией масс в вязкой жидкости},
	journal      = {Нелинейная динамика},
	volume       = {8},
	number		 = {4},
	pages        = {815-836},
	year         = {2012},
	language     = {russian},
}

@ARTICLE{Vetchanin_Mamaev_Tenenev_RCD_2013,
	author       = {Vetchanin, E. V. and  Mamaev, I. S. and  Tenenev, V. A.},
	title        = {The Self-propulsion of a Body with Moving Internal Masses in a Viscous Fluid},
	journal      = {Regular and Chaotic Dynamics},
	volume       = {18},
	number		 = {1-2},
	pages        = {100-117},
	year         = {2013},
	language     = {english},
}

@ARTICLE{Vetchanin_et_al_2013,
	author       = {Vetchanin, E. V. and Mamaev, I. S. and Tenenev, V. A.},
	title        = {The Self-propulsion of a Body with Moving Internal Masses in a Viscous Fluid},
	journal      = {Regular and Chaotic Dynamics},
	volume       = {18},
	number		 = {1-2},
	year         = {2013},
	pages        = {100-117},	
	language     = {english},
}

@ARTICLE{Vetchanin_et_al_2016,
	author       = {Vetchanin, E. V. and Kilin, A. A. and Mamaev, I. S.},
	title        = {Control of the Motion of a Helical Body in a Fluid Using Rotors},
	journal      = {Regular and Chaotic Dynamics},
	volume       = {21},
	number		 = {7-8},
	year         = {2016},
	pages        = {874-884},	
	language     = {english},
}

@ARTICLE{Vetchanin_Mamaev_2017,
	author       = {Vetchanin, E. V. and Mamaev, I. S.},
	title        = {Optimal control of the motion of a helical body in a liquid using rotors},
	journal      = {Russian Journal of Mathematical Physics},
	volume       = {24},
	number		 = {3},
	year         = {2017},
	pages        = {399-411},	
	language     = {english},
}

@ARTICLE{Volkova_Jatsun,
	author       = {Волкова, Л. Ю. and Яцун, С. Ф.},
	title        = {Управление движением трехмассового робота, перемещающегося в жидкой среде},
	journal      = {Нелинейная динамика},
	volume       = {7},
	number		 = {4},
	year         = {2011},
	pages        = {845-857},	
	language     = {russian},
}

@ARTICLE{Woolsey_Leonard_1999,
	author       = {Woolsey, C. A. and Leonard, N. E.},
	title        = {Underwater Vehicle Stabilization by Internal Rotors},
	journal      = {Proc. of the American Control Conference (San Diego, Calif., 1999)},
	pages        = {3417-3421},
	year         = {1999},
	language     = {english},
}

@ARTICLE{Wang_Tan,
	author       = {Wang, J. and Tan, X.},
	title        = { A dynamic model for tail-actuated robotic fish with drag coefficient adaptation},
	journal      = {Mechatronics},
	volume       = {23},
	number		 = {6},
	pages        = {659-668},
	year         = {2013},
	language     = {english},
}

@ARTICLE{Xiang_2017,
	author       = {Xiang, X. and Yu, C. and Zhang, Q.},
	title        = {On intelligent risk analysis and critical decision of underwater robotic vehicle},
	journal      = {Oceanic Engineering},
	volume       = {140},
	number		 = {1},
	pages        = {453-465},
	year         = {2017},
	language     = {english},
}

@ARTICLE{Yuh_2000,
	author       = {Yuh, J.},
	title        = {Design and control of autonomous underwater robots: A survey},
	journal      = {Autonomous Robots},
	volume       = {8},
	number		 = {1},
	year         = {2000},
	pages        = {7-24},	
	language     = {english},
}

@ARTICLE{Zhang_2008,
	author       = {Zhang, D. and Hu, D. and Shen, L. and Xie H.},
	title        = {Design  of  an  artificial  bionicneural  network  to  control  fish-robot’s  locomotion},
	journal      = {Neurocomputing},
	volume       = {71},
	number		 = {4-6},
	pages        = {648-654},
	year         = {2008},
	language     = {english},
}

@ARTICLE{Zheng_2010,
	author       = {Zheng, C and Shatara, S. and Xiaobo T.},
	title        = {Modeling of biomimetic robotic fishpropelled by an ionic polymer-metal composite caudal fin},
	journal      = {IEEE/ASME Trans. Mechatronics},
	volume       = {15},
	number		 = {3},
	pages        = {448-459},
	year         = {2010},
	language     = {english},
}

@ARTICLE{Zhou_2011,
	author       = {Zhou, C. and Low, K. H.},
	title        = {Design and locomotion control of a biomimetic underwater vehicle with fin propulsion},
	journal      = {IEEE/ASME Transactions on Mechatronics},
	volume       = {17},
	number		 = {1},
	pages        = {25-35},
	year         = {2011},
	language     = {english},
}


%Правильно оформленный ПАТЕНТ
@patent{WorkOrgan,
	heading = {Пат. 2487970 Рос. федерация, МПК\ensuremath{^7} E 01 H 5/12},
	author = {Ганжа, Владимир Александрович and Безбородов, Юрий Николаевич and Малышева, Наталья Николаевна and Ковалевич, Павел Васильевич},
	authorcountry = {Рос. федерация},
	title = {Рабочий орган для удаления снежно-ледяного наката с поверхности дорог и аэродромов},
	media = {text},
	holder = {заявитель и патентообладатель \mbox{ФГАОУ ВПО} <<Сибирский федеральный университет>>},
	requestnumber = {2012109412/13},
	date = {2012-03-10},
	publicationdate = {2013-07-20},
	publication = {Бюл. № 20},
	language = {russian}
}

@candthesis{GanjaTHESIS,
	author = {Ганжа, Владимир Александрович},
	title = {Обоснование конструкции и основных параметров дискового режущего инструмента для разрушения снежно-ледяных образований},
	media = {text},
	science = {тех. наук},
	specialitycode = {05.05.04},
	titleaddon = {защищена 17.06.11~: утв. \todo{??.??.??}},
	location = {Красноярск},
	institution = {Сибирский федеральный университет},
	date = {2011},
	language = {russian},
	numpages = {185}
}